@article{dong2020interactive,
  title={An interactive web-based dashboard to track COVID-19 in real time},
  author={Dong, Ensheng and Du, Hongru and Gardner, Lauren},
  journal={The Lancet infectious diseases},
  year={2020},
  publisher={Elsevier}
}

@article{krantz2020level,
  title={Level of under-reporting including under-diagnosis before the first peak of COVID-19 in various countries: Preliminary Retrospective Results Based on Wavelets and Deterministic Modeling},
  author={Krantz, Steven G and Rao, Arni SR Srinivasa},
  journal={Infection Control \& Hospital Epidemiology},
  pages={1--8},
  year={2020},
  publisher={Cambridge University Press}
}
@incollection{myers2000forecasting,
  title={Forecasting disease risk for increased epidemic preparedness in public health},
  author={Myers, Monica F and Rogers, DJ and Cox, J and Flahault, Antoine and Hay, Simon I},
  booktitle={Advances in parasitology},
  volume={47},
  pages={309--330},
  year={2000},
  publisher={Elsevier}
}

@article{brauer2017mathematical,
  title={Mathematical epidemiology: Past, present, and future},
  author={Brauer, Fred},
  journal={Infectious Disease Modelling},
  volume={2},
  number={2},
  pages={113--127},
  year={2017},
  publisher={Elsevier}
}
@article{brauer2005kermack,
  title={The Kermack--McKendrick epidemic model revisited},
  author={Brauer, Fred},
  journal={Mathematical biosciences},
  volume={198},
  number={2},
  pages={119--131},
  year={2005},
  publisher={Elsevier}
  
}
@article{russell2020estimating,
  title={Estimating the infection and case fatality ratio for coronavirus disease (COVID-19) using age-adjusted data from the outbreak on the Diamond Princess cruise ship, February 2020},
  author={Russell, Timothy W and Hellewell, Joel and Jarvis, Christopher I and Van Zandvoort, Kevin and Abbott, Sam and Ratnayake, Ruwan and Flasche, Stefan and Eggo, Rosalind M and Edmunds, W John and Kucharski, Adam J and others},
  journal={Eurosurveillance},
  volume={25},
  number={12},
  pages={2000256},
  year={2020},
  publisher={European Centre for Disease Prevention and Control}
}
@article{reich2019reply,
  title={Reply to Bracher: Scoring probabilistic forecasts to maximize public health interpretability},
  author={Reich, Nicholas G and Osthus, Dave and Ray, Evan L and Yamana, Teresa K and Biggerstaff, Matthew and Johansson, Michael A and Rosenfeld, Roni and Shaman, Jeffrey},
  journal={Proceedings of the National Academy of Sciences of the United States of America},
  volume={116},
  number={42},
  pages={20811},
  year={2019},
  publisher={National Academy of Sciences}
}
@article{bracher2019multibin,
  title={On the multibin logarithmic score used in the FluSight competitions},
  author={Bracher, Johannes},
  journal={Proceedings of the National Academy of Sciences},
  volume={116},
  number={42},
  pages={20809--20810},
  year={2019},
  publisher={National Acad Sciences}
}

@manual{covidhub,
      title  = "COVID-HUB",
      author = "ReichLab",
      note   = "\url{https://doi.org/10.5281/zenodo.3963372}",
      year   = "2020 (accessed July 27, 2020)"
    }
    
@manual{numpyro,
      title  = "numpyro",
      author = "Uber AI Labs",
      note   = "\url{https://readthedocs.org/projects/numpyro/downloads/pdf/stable/}",
      year   = "2020 (accessed July 27, 2020)"
}
    
    
 @techreport{simonov2020persuasive,
  title={The persuasive effect of fox news: non-compliance with social distancing during the covid-19 pandemic},
  author={Simonov, Andrey and Sacher, Szymon K and Dub{\'e}, Jean-Pierre H and Biswas, Shirsho},
  year={2020},
  institution={National Bureau of Economic Research}
}
    
    @article{phan2019composable,
  title={Composable effects for flexible and accelerated probabilistic programming in NumPyro},
  author={Phan, Du and Pradhan, Neeraj and Jankowiak, Martin},
  journal={arXiv preprint arXiv:1912.11554},
  year={2019}
}
@article{flaxman2020estimating,
  title={Estimating the effects of non-pharmaceutical interventions on COVID-19 in Europe},
  author={Flaxman, Seth and Mishra, Swapnil and Gandy, Axel and Unwin, H Juliette T and Mellan, Thomas A and Coupland, Helen and Whittaker, Charles and Zhu, Harrison and Berah, Tresnia and Eaton, Jeffrey W and others},
  journal={Nature},
  pages={1--5},
  year={2020},
  publisher={Nature Publishing Group}
}

@article{abbott2020estimating,
  title={Estimating the time-varying reproduction number of SARS-CoV-2 using national and subnational case counts},
  author={Abbott, Sam and Hellewell, Joel and Thompson, Robin N and Sherratt, Katharine and Gibbs, Hamish P and Bosse, Nikos I and Munday, James D and Meakin, Sophie and Doughty, Emma L and Chun, June Young and others},
  journal={Wellcome Open Research},
  volume={5},
  number={112},
  pages={112},
  year={2020},
  publisher={F1000 Research Limited}
}
@article{pei2020differential,
  title={Differential Effects of Intervention Timing on COVID-19 Spread in the United States},
  author={Pei, Sen and Kandula, Sasikiran and Shaman, Jeffrey},
  journal={medRxiv},
  year={2020},
  publisher={Cold Spring Harbor Laboratory Press}
}

@article{smirnova2019forecasting,
  title={Forecasting epidemics through nonparametric estimation of time-dependent transmission rates using the SEIR model},
  author={Smirnova, Alexandra and deCamp, Linda and Chowell, Gerardo},
  journal={Bulletin of mathematical biology},
  volume={81},
  number={11},
  pages={4343--4365},
  year={2019},
  publisher={Springer}
}
@article{bracher2020evaluating,
  title={Evaluating epidemic forecasts in an interval format},
  author={Bracher, Johannes and Ray, Evan L and Gneiting, Tilmann and Reich, Nicholas G},
  journal={arXiv preprint arXiv:2005.12881},
  year={2020}
}
@article{reich2020zoltar,
  title={The Zoltar forecast archive: a tool to facilitate standardization and storage of interdisciplinary prediction research},
  author={Reich, Nicholas G and Cornell, Matthew and Ray, Evan L and House, Katie and Le, Khoa},
  journal={arXiv preprint arXiv:2006.03922},
  year={2020}
}
@article{prem2020effect,
  title={The effect of control strategies to reduce social mixing on outcomes of the COVID-19 epidemic in Wuhan, China: a modelling study},
  author={Prem, Kiesha and Liu, Yang and Russell, Timothy W and Kucharski, Adam J and Eggo, Rosalind M and Davies, Nicholas and Flasche, Stefan and Clifford, Samuel and Pearson, Carl AB and Munday, James D and others},
  journal={The Lancet Public Health},
  year={2020},
  publisher={Elsevier}
}
@article{bertozzi2020challenges,
  title={The challenges of modeling and forecasting the spread of COVID-19},
  author={Bertozzi, Andrea L and Franco, Elisa and Mohler, George and Short, Martin B and Sledge, Daniel},
  journal={arXiv preprint arXiv:2004.04741},
  year={2020}
}
@article{yang2020modified,
  title={Modified SEIR and AI prediction of the epidemics trend of COVID-19 in China under public health interventions},
  author={Yang, Zifeng and Zeng, Zhiqi and Wang, Ke and Wong, Sook-San and Liang, Wenhua and Zanin, Mark and Liu, Peng and Cao, Xudong and Gao, Zhongqiang and Mai, Zhitong and others},
  journal={Journal of Thoracic Disease},
  volume={12},
  number={3},
  pages={165},
  year={2020},
  publisher={AME Publications}
}
@article{giordano2020modelling,
  title={Modelling the COVID-19 epidemic and implementation of population-wide interventions in Italy},
  author={Giordano, Giulia and Blanchini, Franco and Bruno, Raffaele and Colaneri, Patrizio and Di Filippo, Alessandro and Di Matteo, Angela and Colaneri, Marta},
  journal={Nature Medicine},
  pages={1--6},
  year={2020},
  publisher={Nature Publishing Group}
}

@article{lopez2020modified,
  title={A modified SEIR model to predict the COVID-19 outbreak in Spain and Italy: simulating control scenarios and multi-scale epidemics},
  author={L{\'o}pez, Leonardo and Rodo, Xavier},
  journal={Available at SSRN 3576802},
  year={2020}
}
@article{frasso2016bayesian,
  title={Bayesian inference in an extended SEIR model with nonparametric disease transmission rate: an application to the Ebola epidemic in Sierra Leone},
  author={Frasso, Gianluca and Lambert, Philippe},
  journal={Biostatistics},
  volume={17},
  number={4},
  pages={779--792},
  year={2016},
  publisher={Oxford University Press}
}
@article{dukic2012tracking,
  title={Tracking epidemics with Google flu trends data and a state-space SEIR model},
  author={Dukic, Vanja and Lopes, Hedibert F and Polson, Nicholas G},
  journal={Journal of the American Statistical Association},
  volume={107},
  number={500},
  pages={1410--1426},
  year={2012},
  publisher={Taylor \& Francis}
}

@article{hotta2010bayesian,
  title={Bayesian melding estimation of a stochastic SEIR model},
  author={Hotta, Luiz K},
  journal={Mathematical Population Studies},
  volume={17},
  number={2},
  pages={101--111},
  year={2010},
  publisher={Taylor \& Francis}
}

@article{syafruddin2012seir,
  title={SEIR model for transmission of dengue fever in Selangor Malaysia},
  author={Syafruddin, Side and Noorani, MSM},
  journal={IJMPS},
  volume={9},
  pages={380--389},
  year={2012}
}
@article{bokler1993chaos,
  title={Chaos and complexity in measles models: a comparative numerical study},
  author={Bokler, Benjamin},
  journal={Mathematical Medicine and Biology: A Journal of the IMA},
  volume={10},
  number={2},
  pages={83--95},
  year={1993},
  publisher={Oxford University Press}
}
@article{lekone2006statistical,
  title={Statistical inference in a stochastic epidemic SEIR model with control intervention: Ebola as a case study},
  author={Lekone, Phenyo E and Finkenst{\"a}dt, B{\"a}rbel F},
  journal={Biometrics},
  volume={62},
  number={4},
  pages={1170--1177},
  year={2006},
  publisher={Wiley Online Library}
}
@article{kermack1927contribution,
  title={A contribution to the mathematical theory of epidemics},
  author={Kermack, William Ogilvy and McKendrick, Anderson G},
  journal={Proceedings of the royal society of london. Series A, Containing papers of a mathematical and physical character},
  volume={115},
  number={772},
  pages={700--721},
  year={1927},
  publisher={The Royal Society London}
}

@book{allen2010introduction,
  title={An introduction to stochastic processes with applications to biology},
  author={Allen, Linda JS},
  year={2010},
  publisher={CRC Press}
}
@article{allen2000comparison,
  title={Comparison of deterministic and stochastic SIS and SIR models in discrete time},
  author={Allen, Linda JS and Burgin, Amy M},
  journal={Mathematical biosciences},
  volume={163},
  number={1},
  pages={1--33},
  year={2000},
  publisher={Elsevier}
}

@article{you2020estimation,
  title={Estimation of the time-varying reproduction number of COVID-19 outbreak in China},
  author={You, Chong and Deng, Yuhao and Hu, Wenjie and Sun, Jiarui and Lin, Qiushi and Zhou, Feng and Pang, Cheng Heng and Zhang, Yuan and Chen, Zhengchao and Zhou, Xiao-Hua},
  journal={International Journal of Hygiene and Environmental Health},
  pages={113555},
  year={2020},
  publisher={Elsevier}
}
@article{pei2020differential,
  title={Differential Effects of Intervention Timing on COVID-19 Spread in the United States},
  author={Pei, Sen and Kandula, Sasikiran and Shaman, Jeffrey},
  journal={medRxiv},
  year={2020},
  publisher={Cold Spring Harbor Laboratory Press}
}
@article{gostic2020practical,
  title={Practical considerations for measuring the effective reproductive number, Rt},
  author={Gostic, Katelyn M and McGough, Lauren and Baskerville, Edward and Abbott, Sam and Joshi, Keya and Tedijanto, Christine and Kahn, Rebecca and Niehus, Rene and Hay, James A and De Salazar, Pablo M and others},
  journal={medRxiv},
  year={2020},
  publisher={Cold Spring Harbor Laboratory Press}
}
@article{flaxman2020estimating,
  title={Estimating the effects of non-pharmaceutical interventions on COVID-19 in Europe},
  author={Flaxman, Seth and Mishra, Swapnil and Gandy, Axel and Unwin, H Juliette T and Mellan, Thomas A and Coupland, Helen and Whittaker, Charles and Zhu, Harrison and Berah, Tresnia and Eaton, Jeffrey W and others},
  journal={Nature},
  pages={1--5},
  year={2020},
  publisher={Nature Publishing Group}
}
@article{pitzer2020impact,
  title={The impact of changes in diagnostic testing practices on estimates of COVID-19 transmission in the United States},
  author={Pitzer, Virginia E and Chitwood, Melanie and Havumaki, Joshua and Menzies, Nicolas A and Perniciaro, Stephanie and Warren, Joshua L and Weinberger, Daniel M and Cohen, Ted},
  journal={medRxiv},
  year={2020},
  publisher={Cold Spring Harbor Laboratory Press}
}
@article{cori2013new,
  title={A new framework and software to estimate time-varying reproduction numbers during epidemics},
  author={Cori, Anne and Ferguson, Neil M and Fraser, Christophe and Cauchemez, Simon},
  journal={American journal of epidemiology},
  volume={178},
  number={9},
  pages={1505--1512},
  year={2013},
  publisher={Oxford University Press}
}
@book{brauer2012mathematical,
  title={Mathematical models in population biology and epidemiology},
  author={Brauer, Fred and Castillo-Chavez, Carlos and Castillo-Chavez, Carlos},
  volume={2},
  year={2012},
  publisher={Springer}
}

@article{osthus2019even,
  title={Even a good influenza forecasting model can benefit from internet-based nowcasts, but those benefits are limited},
  author={Osthus, Dave and Daughton, Ashlynn R and Priedhorsky, Reid},
  journal={PLoS computational biology},
  volume={15},
  number={2},
  pages={e1006599},
  year={2019},
  publisher={Public Library of Science}
}


@article{ray2017infectious,
  title={Infectious disease prediction with kernel conditional density estimation},
  author={Ray, Evan L and Sakrejda, Krzysztof and Lauer, Stephen A and Johansson, Michael A and Reich, Nicholas G},
  journal={Statistics in medicine},
  volume={36},
  number={30},
  pages={4908--4929},
  year={2017},
  publisher={Wiley Online Library}
}


@article{sarimaTD,
  title={https://github.com/reichlab/sarimaTD}
}

@article{lafond2016global,
  title={Global role and burden of influenza in pediatric respiratory hospitalizations, 1982--2012: a systematic analysis},
  author={Lafond, Kathryn E and Nair, Harish and Rasooly, Mohammad Hafiz and Valente, F{\'a}tima and Booy, Robert and Rahman, Mahmudur and Kitsutani, Paul and Yu, Hongjie and Guzman, Guiselle and Coulibaly, Daouda and others},
  journal={PLoS medicine},
  volume={13},
  number={3},
  pages={e1001977},
  year={2016},
  publisher={Public Library of Science}
}

@article{thompson2010estimates,
  title={Estimates of deaths associated with seasonal influenza-United States, 1976-2007.},
  author={Thompson, MG and Shay, DK and Zhou, H and Bridges, CB and Cheng, PY and Burns, E and Bresee, JS and Cox, NJ and others},
  journal={Morbidity and Mortality Weekly Report},
  volume={59},
  number={33},
  pages={1057--1062},
  year={2010},
  publisher={Epidemiology Program Office, Centers for Disease Control and Prevention (CDC)}
}

@article{20172018FluSeason,
  title={Epidemic Prediction Initiative. FluSight 2017?2018; 2018},
  publisher={https://predict.phiresearchlab.org/post/59973fe26f7559750d84a843.}
}

@article{hohle2014bayesian,
  title={Bayesian nowcasting during the STEC O104: H4 outbreak in Germany, 2011},
  author={H{\"o}hle, Michael and an der Heiden, Matthias},
  journal={Biometrics},
  volume={70},
  number={4},
  pages={993--1002},
  year={2014},
  publisher={Wiley Online Library}
}

@article{kalbfleisch1989inference,
  title={Inference based on retrospective ascertainment: an analysis of the data on transfusion-related AIDS},
  author={Kalbfleisch, JD and Lawless, Jerald F},
  journal={Journal of the American Statistical Association},
  volume={84},
  number={406},
  pages={360--372},
  year={1989},
  publisher={Taylor \& Francis Group}
}


@article{lampos,
	Author = {Lampos, Vasileios and Miller, Andrew C. and Crossan, Steve and Stefansen, Christian},
	Date = {2015/08/03/online},
	Date-Added = {2019-04-09 23:43:21 +0000},
	Date-Modified = {2019-04-09 23:43:21 +0000},
	Day = {03},
	Journal = {Scientific Reports},
	L3 = {10.1038/srep12760; https://www.nature.com/articles/srep12760#supplementary-information},
	M3 = {Article},
	Month = {08},
	Pages = {12760 EP  -},
	Publisher = {The Author(s) SN  -},
	Title = {Advances in nowcasting influenza-like illness rates using search query logs},
	Ty = {JOUR},
	Url = {https://doi.org/10.1038/srep12760},
	Volume = {5},
	Year = {2015},
	Bdsk-Url-1 = {https://doi.org/10.1038/srep12760}}

@article{molinari2007annual,
  title={The annual impact of seasonal influenza in the US: measuring disease burden and costs},
  author={Molinari, Noelle-Angelique M and Ortega-Sanchez, Ismael R and Messonnier, Mark L and Thompson, William W and Wortley, Pascale M and Weintraub, Eric and Bridges, Carolyn B},
  journal={Vaccine},
  volume={25},
  number={27},
  pages={5086--5096},
  year={2007},
  publisher={Elsevier}
}

@article{dugas2013influenza,
  title={Influenza forecasting with Google flu trends},
  author={Dugas, Andrea Freyer and Jalalpour, Mehdi and Gel, Yulia and Levin, Scott and Torcaso, Fred and Igusa, Takeru and Rothman, Richard E},
  journal={PloS one},
  volume={8},
  number={2},
  pages={e56176},
  year={2013},
  publisher={Public Library of Science}
}

@article{skowronski2018early,
  title={Early season co-circulation of influenza A (H3N2) and B (Yamagata): interim estimates of 2017/18 vaccine effectiveness, Canada, January 2018},
  author={Skowronski, Danuta M and Chambers, Catharine and De Serres, Gaston and Dickinson, James A and Winter, Anne-Luise and Hickman, Rebecca and Chan, Tracy and Jassem, Agatha N and Drews, Steven J and Charest, Hugues and others},
  journal={Eurosurveillance},
  volume={23},
  number={5},
  year={2018},
  publisher={European Centre for Disease Prevention and Control}
}


@article{cdc,
  publisher={https://www.cdc.gov/flu/weekly/flusight/why-flu-forecasting.htm}
}

@article{araz2014using,
  title={Using Google Flu Trends data in forecasting influenza-like--illness related ED visits in Omaha, Nebraska},
  author={Araz, Ozgur M and Bentley, Dan and Muelleman, Robert L},
  journal={The American journal of emergency medicine},
  volume={32},
  number={9},
  pages={1016--1023},
  year={2014},
  publisher={Elsevier}
}

@article{johansson2014nowcasting,
  title={Nowcasting the spread of chikungunya virus in the Americas},
  author={Johansson, Michael A and Powers, Ann M and Pesik, Nicki and Cohen, Nicole J and Staples, J Erin},
  journal={PloS one},
  volume={9},
  number={8},
  pages={e104915},
  year={2014},
  publisher={Public Library of Science}
}

@article{nunes2013nowcasting,
  title={Nowcasting influenza epidemics using non-homogeneous hidden Markov models},
  author={Nunes, Baltazar and Nat{\'a}rio, Isabel and Luc{\'\i}lia Carvalho, M},
  journal={Statistics in medicine},
  volume={32},
  number={15},
  pages={2643--2660},
  year={2013},
  publisher={Wiley Online Library}
}

@article{gneiting2007strictly,
  title={Strictly proper scoring rules, prediction, and estimation},
  author={Gneiting, Tilmann and Raftery, Adrian E},
  journal={Journal of the American Statistical Association},
  volume={102},
  number={477},
  pages={359--378},
  year={2007},
  publisher={Taylor \& Francis}
}

@article{barr2018cell,
  title={Cell culture-derived influenza vaccines in the severe 2017--2018 epidemic season: A step towards improved influenza vaccine effectiveness},
  author={Barr, Ian G and Donis, Ruben O and Katz, Jacqueline M and McCauley, John W and Odagiri, Takato and Trusheim, Heidi and Tsai, Theodore F and Wentworth, David E},
  journal={NPJ vaccines},
  volume={3},
  number={1},
  pages={44},
  year={2018},
  publisher={Nature Publishing Group}
}

@article{reich2019collaborative,
  title={A Collaborative Multi-Model Ensemble for Real-Time Influenza Season Forecasting in the US},
  author={Reich, Nicholas G and McGowan, Craig J and Yamana, Teresa K and Tushar, Abhinav and Ray, Evan L and Osthus, Dave and Kandula, Sasikiran and Brooks, Logan C and Crawford-Crudell, Willow and Gibson, Graham Casey and others},
  journal={bioRxiv},
  pages={566604},
  year={2019},
  publisher={Cold Spring Harbor Laboratory}
}

@article{flusightnetwork,
title={Epidemic Prediction Initiative. FluSight: Seasonal Influenza Forecasting.},
year={2016},
publisher={  http://dengueforecasting.noaa.gov/}
}

@article{biggerstaff2018results,
  title={Results from the second year of a collaborative effort to forecast influenza seasons in the United States},
  author={Biggerstaff, Matthew and Johansson, Michael and Alper, David and Brooks, Logan C and Chakraborty, Prithwish and Farrow, David C and Hyun, Sangwon and Kandula, Sasikiran and McGowan, Craig and Ramakrishnan, Naren and others},
  journal={Epidemics},
  volume={24},
  pages={26--33},
  year={2018},
  publisher={Elsevier}
}


@article{team2012ra,
  title={RA Language and Environment for Statistical Computing (Version version 0.97. 316). Vienna, Austria: R Foundation for Statistical Computing},
  author={Team, R Core},
  journal={E.(1913). Educational Psychology. Teachers College, Columbia University. Towse, JN, \& Hitch, GJ (1995). Is there a Relationship between Task Demand and Storage Space in Tests of Working Memory Capacity},
  pages={108--124},
  year={2012}
}

@article{chretien2015advancing,
  title={Advancing epidemic prediction and forecasting: a new US government initiative},
  author={Chretien, Jean-Paul and Swedlow, David and Eckstrand, Irene and George, Dylan and Johansson, Michael and Huffman, Robert and Hebbeler, Andrew},
  journal={Online journal of public health informatics},
  volume={7},
  number={1},
  year={2015},
  publisher={University of Illinois at Chicago Library}
}

@article{kandula2018evaluation,
  title={Evaluation of mechanistic and statistical methods in forecasting influenza-like illness},
  author={Kandula, Sasikiran and Yamana, Teresa and Pei, Sen and Yang, Wan and Morita, Haruka and Shaman, Jeffrey},
  journal={Journal of The Royal Society Interface},
  volume={15},
  number={144},
  pages={20180174},
  year={2018},
  publisher={The Royal Society}
}

@article{lawless1994adjustments,
  title={Adjustments for reporting delays and the prediction of occurred but not reported events},
  author={Lawless, JF},
  journal={Canadian Journal of Statistics},
  volume={22},
  number={1},
  pages={15--31},
  year={1994},
  publisher={Wiley Online Library}
}

@article{github2018ethereum,
  title={Ethereum Development Tutorial.[ONLINE] Available at https://github.com/ethereum/wiki/wiki},
  author={Github, Ethereum},
  journal={Ethereum-Development-Tutorial.[Accessed 29 January 2018]},
  year={2018}
}

@article{mylius2008optimal,
  title={Optimal allocation of pandemic influenza vaccine depends on age, risk and timing},
  author={Mylius, Sido D and Hagenaars, Thomas J and Lugn{\'e}r, Anna K and Wallinga, Jacco},
  journal={Vaccine},
  volume={26},
  number={29-30},
  pages={3742--3749},
  year={2008},
  publisher={Elsevier}
}
@article{stoner2019multivariate,
  title={Multivariate Hierarchical Frameworks for Modelling Delayed Reporting in Count Data},
  author={Stoner, Oliver and Economou, Theo},
  journal={arXiv preprint arXiv:1904.03397},
  year={2019}
}

@misc{cdc_flusight, title={Influenza (Flu)}, url={https://www.cdc.gov/flu/weekly/overview.htm}, journal={Centers for Disease Control and Prevention}, publisher={Centers for Disease Control and Prevention}, year={2018}, month={Oct}}


@misc{epi_prediction_initiative, 
title={Epidemic Prediction Initiative.},
journal={FluSight 2017?2018; 2018.},
url={https://predict.phiresearchlab.org/post/59973fe26f7559750d84a843.}
}

@article{volkova2017forecasting,
  title={Forecasting influenza-like illness dynamics for military populations using neural networks and social media},
  author={Volkova, Svitlana and Ayton, Ellyn and Porterfield, Katherine and Corley, Courtney D},
  journal={PloS one},
  volume={12},
  number={12},
  pages={e0188941},
  year={2017},
  publisher={Public Library of Science}
}
@article{diebold2002comparing,
  title={Comparing predictive accuracy},
  author={Diebold, Francis X and Mariano, Robert S},
  journal={Journal of Business \& economic statistics},
  volume={20},
  number={1},
  pages={134--144},
  year={2002},
  publisher={Taylor \& Francis}
}

@article{brooks2018nonmechanistic,
  title={Nonmechanistic forecasts of seasonal influenza with iterative one-week-ahead distributions},
  author={Brooks, Logan C and Farrow, David C and Hyun, Sangwon and Tibshirani, Ryan J and Rosenfeld, Roni},
  journal={PLoS computational biology},
  volume={14},
  number={6},
  pages={e1006134},
  year={2018},
  publisher={Public Library of Science}
}


@article{will2017predicting,
  title={Predicting Flu Outbreak with Random Forest},
  author={Will, Katie},
  year={2017}
}
@article{frasso2016bayesian,
  title={Bayesian inference in an extended SEIR model with nonparametric disease transmission rate: an application to the Ebola epidemic in Sierra Leone},
  author={Frasso, Gianluca and Lambert, Philippe},
  journal={Biostatistics},
  volume={17},
  number={4},
  pages={779--792},
  year={2016},
  publisher={Oxford University Press}
}
@article{choi2012past,
  title={The past, present, and future of public health surveillance},
  author={Choi, Bernard CK},
  journal={Scientifica},
  volume={2012},
  year={2012},
  publisher={Hindawi}
}
@article{moro1988surveillance,
  title={Surveillance for communicable disease},
  author={Moro, ML and McCormick, A},
  journal={Surveillance in Health and Disease. New York, NY: Oxford University Press, Inc},
  pages={166--182},
  year={1988}
}
@article{osthus2017forecasting,
  title={Forecasting seasonal influenza with a state-space SIR model},
  author={Osthus, Dave and Hickmann, Kyle S and Caragea, Petru{\c{t}}a C and Higdon, Dave and Del Valle, Sara Y},
  journal={The annals of applied statistics},
  volume={11},
  number={1},
  pages={202},
  year={2017},
  publisher={NIH Public Access}
}
@book{chatfield2000time,
  title={Time-series forecasting},
  author={Chatfield, Chris},
  year={2000},
  publisher={CRC press}
}
@article{perretti2013model,
  title={Model-free forecasting outperforms the correct mechanistic model for simulated and experimental data},
  author={Perretti, Charles T and Munch, Stephan B and Sugihara, George},
  journal={Proceedings of the National Academy of Sciences},
  volume={110},
  number={13},
  pages={5253--5257},
  year={2013},
  publisher={National Acad Sciences}
}
@article{bailey1953total,
  title={The total size of a general stochastic epidemic},
  author={Bailey, Norman TJ},
  journal={Biometrika},
  pages={177--185},
  year={1953},
  publisher={JSTOR}
}

@article{whittle1955outcome,
  title={The outcome of a stochastic epidemic?a note on Bailey's paper},
  author={Whittle, P},
  journal={Biometrika},
  volume={42},
  number={1-2},
  pages={116--122},
  year={1955},
  publisher={Oxford University Press}
}
@article{fraser2007estimating,
  title={Estimating individual and household reproduction numbers in an emerging epidemic},
  author={Fraser, Christophe},
  journal={PloS one},
  volume={2},
  number={8},
  pages={e758},
  year={2007},
  publisher={Public Library of Science}
}
@article{wallinga2007generation,
  title={How generation intervals shape the relationship between growth rates and reproductive numbers},
  author={Wallinga, Jacco and Lipsitch, Marc},
  journal={Proceedings of the Royal Society B: Biological Sciences},
  volume={274},
  number={1609},
  pages={599--604},
  year={2007},
  publisher={The Royal Society London}
}
@article{hall2007real,
  title={Real-time epidemic forecasting for pandemic influenza},
  author={Hall, IM and Gani, R and Hughes, HE and Leach, S},
  journal={Epidemiology \& Infection},
  volume={135},
  number={3},
  pages={372--385},
  year={2007},
  publisher={Cambridge University Press}
}
@article{ong2010real,
  title={Real-time epidemic monitoring and forecasting of H1N1-2009 using influenza-like illness from general practice and family doctor clinics in Singapore},
  author={Ong, Jimmy Boon Som and Mark, I and Chen, Cheng and Cook, Alex R and Lee, Huey Chyi and Lee, Vernon J and Lin, Raymond Tzer Pin and Tambyah, Paul Ananth and Goh, Lee Gan},
  journal={PloS one},
  volume={5},
  number={4},
  pages={e10036},
  year={2010},
  publisher={Public Library of Science}
}
@article{osthus2017forecasting,
  title={Forecasting seasonal influenza with a state-space SIR model},
  author={Osthus, Dave and Hickmann, Kyle S and Caragea, Petru{\c{t}}a C and Higdon, Dave and Del Valle, Sara Y},
  journal={The annals of applied statistics},
  volume={11},
  number={1},
  pages={202},
  year={2017},
  publisher={NIH Public Access}
}


@article{shaman2012forecasting,
  title={Forecasting seasonal outbreaks of influenza},
  author={Shaman, Jeffrey and Karspeck, Alicia},
  journal={Proceedings of the National Academy of Sciences},
  volume={109},
  number={50},
  pages={20425--20430},
  year={2012},
  publisher={National Acad Sciences}
}
@article{kermack1927contribution,
  title={A contribution to the mathematical theory of epidemics},
  author={Kermack, William Ogilvy and McKendrick, Anderson G},
  journal={Proceedings of the royal society of london. Series A, Containing papers of a mathematical and physical character},
  volume={115},
  number={772},
  pages={700--721},
  year={1927},
  publisher={The Royal Society London}
}
@article{lutz2019applying,
  title={Applying infectious disease forecasting to public health: a path forward using influenza forecasting examples},
  author={Lutz, Chelsea S and Huynh, Mimi P and Schroeder, Monica and Anyatonwu, Sophia and Dahlgren, F Scott and Danyluk, Gregory and Fernandez, Danielle and Greene, Sharon K and Kipshidze, Nodar and Liu, Leann and others},
  journal={BMC Public Health},
  volume={19},
  number={1},
  pages={1659},
  year={2019},
  publisher={Springer}
}
@misc{yyg,
  author = {Youngang Gu},
  title = {COVID-19 Projections},
  year = {2020},
  publisher = {yyg},
  journal = {yyg},
  howpublished = {\url{https://covid19-projections.com/about/#historical-performance}}
}
@misc{reichlabcovid,
  author = {Reich Lab},
  title = {COVID Forecasting Hub},
  year = {2020},
  publisher = {GitHub},
  journal = {GitHub repository},
  howpublished = {\url{https://github.com/reichlab/covid19-forecast-hub}}
}
@article{reich2016case,
  title={Case study in evaluating time series prediction models using the relative mean absolute error},
  author={Reich, Nicholas G and Lessler, Justin and Sakrejda, Krzysztof and Lauer, Stephen A and Iamsirithaworn, Sopon and Cummings, Derek AT},
  journal={The American Statistician},
  volume={70},
  number={3},
  pages={285--292},
  year={2016},
  publisher={Taylor \& Francis}
}
@article{covid2020forecasting,
  title={Forecasting COVID-19 impact on hospital bed-days, ICU-days, ventilator-days and deaths by US state in the next 4 months},
  author={COVID, IHME and Murray, Christopher JL and others},
  journal={medRxiv},
  year={2020},
  publisher={Cold Spring Harbor Laboratory Press}
}
@article{russel2020using,
  title={Using a delay-adjusted case fatality ratio to estimate under-reporting},
  author={Russel, T and Hellewell, Joel and Abbot, S and others},
  journal={Available at the Centre for Mathematical Modelling of Infectious Diseases Repository, here},
  year={2020}
}
@article{weinberger2020estimation,
  title={Estimation of excess deaths associated with the COVID-19 pandemic in the United States, March to May 2020},
  author={Weinberger, Daniel M and Chen, Jenny and Cohen, Ted and Crawford, Forrest W and Mostashari, Farzad and Olson, Don and Pitzer, Virginia E and Reich, Nicholas G and Russi, Marcus and Simonsen, Lone and others},
  journal={JAMA Internal Medicine},
  year={2020}
}

@article{jombart2020inferring,
  title={Inferring the number of COVID-19 cases from recently reported deaths},
  author={Jombart, Thibaut and Van Zandvoort, Kevin and Russell, Timothy W and Jarvis, Christopher I and Gimma, Amy and Abbott, Sam and Clifford, Sam and Funk, Sebastian and Gibbs, Hamish and Liu, Yang and others},
  journal={Wellcome Open Research},
  volume={5},
  number={78},
  pages={78},
  year={2020},
  publisher={F1000 Research Limited}
}
@article{heffner2020emotional,
  title={Emotional responses to prosocial messages increase willingness to self-isolate during the COVID-19 pandemic},
  author={Heffner, Joseph and Vives, Marc Lluis and FeldmanHall, Oriel},
  year={2020},
  publisher={PsyArXiv}
}
@article{perc2020forecasting,
  title={Forecasting COVID-19},
  author={Perc, Matja{\v{z}} and Gori{\v{s}}ek Miksi{\'c}, Nina and Slavinec, Mitja and Sto{\v{z}}er, Andra{\v{z}}},
  journal={Frontiers in Physics},
  volume={8},
  pages={127},
  year={2020},
  publisher={Frontiers}
}
@misc{midas,
  author = {Midas.},
  title = {COVID19 Parameter Estimates},
  year = {2020},
  publisher = {GitHub},
  journal = {GitHub repository},
  howpublished = {\url{https://github.com/midas-network/COVID-19/tree/master/parameter_estimates/2019_novel_coronavirus}}
}