@article{dong2020interactive,
  title={An interactive web-based dashboard to track COVID-19 in real time},
  author={Dong, Ensheng and Du, Hongru and Gardner, Lauren},
  journal={The Lancet infectious diseases},
  year={2020},
  publisher={Elsevier}
}

@article{krantz2020level,
  title={Level of under-reporting including under-diagnosis before the first peak of COVID-19 in various countries: Preliminary Retrospective Results Based on Wavelets and Deterministic Modeling},
  author={Krantz, Steven G and Rao, Arni SR Srinivasa},
  journal={Infection Control \& Hospital Epidemiology},
  pages={1--8},
  year={2020},
  publisher={Cambridge University Press}
}
@incollection{myers2000forecasting,
  title={Forecasting disease risk for increased epidemic preparedness in public health},
  author={Myers, Monica F and Rogers, DJ and Cox, J and Flahault, Antoine and Hay, Simon I},
  booktitle={Advances in parasitology},
  volume={47},
  pages={309--330},
  year={2000},
  publisher={Elsevier}
}

@article{brauer2017mathematical,
  title={Mathematical epidemiology: Past, present, and future},
  author={Brauer, Fred},
  journal={Infectious Disease Modelling},
  volume={2},
  number={2},
  pages={113--127},
  year={2017},
  publisher={Elsevier}
}
@article{brauer2005kermack,
  title={The Kermack--McKendrick epidemic model revisited},
  author={Brauer, Fred},
  journal={Mathematical biosciences},
  volume={198},
  number={2},
  pages={119--131},
  year={2005},
  publisher={Elsevier}
  
}
@article{russell2020estimating,
  title={Estimating the infection and case fatality ratio for coronavirus disease (COVID-19) using age-adjusted data from the outbreak on the Diamond Princess cruise ship, February 2020},
  author={Russell, Timothy W and Hellewell, Joel and Jarvis, Christopher I and Van Zandvoort, Kevin and Abbott, Sam and Ratnayake, Ruwan and Flasche, Stefan and Eggo, Rosalind M and Edmunds, W John and Kucharski, Adam J and others},
  journal={Eurosurveillance},
  volume={25},
  number={12},
  pages={2000256},
  year={2020},
  publisher={European Centre for Disease Prevention and Control}
}
@article{reich2019reply,
  title={Reply to Bracher: Scoring probabilistic forecasts to maximize public health interpretability},
  author={Reich, Nicholas G and Osthus, Dave and Ray, Evan L and Yamana, Teresa K and Biggerstaff, Matthew and Johansson, Michael A and Rosenfeld, Roni and Shaman, Jeffrey},
  journal={Proceedings of the National Academy of Sciences of the United States of America},
  volume={116},
  number={42},
  pages={20811},
  year={2019},
  publisher={National Academy of Sciences}
}
@article{bracher2019multibin,
  title={On the multibin logarithmic score used in the FluSight competitions},
  author={Bracher, Johannes},
  journal={Proceedings of the National Academy of Sciences},
  volume={116},
  number={42},
  pages={20809--20810},
  year={2019},
  publisher={National Acad Sciences}
}

@manual{covidhub,
      title  = "COVID-HUB",
      author = "ReichLab",
      note   = "\url{https://doi.org/10.5281/zenodo.3963372}",
      year   = "2020 (accessed July 27, 2020)"
    }
    
@manual{numpyro,
      title  = "numpyro",
      author = "Uber AI Labs",
      note   = "\url{https://readthedocs.org/projects/numpyro/downloads/pdf/stable/}",
      year   = "2020 (accessed July 27, 2020)"
}
    
    
 @techreport{simonov2020persuasive,
  title={The persuasive effect of fox news: non-compliance with social distancing during the covid-19 pandemic},
  author={Simonov, Andrey and Sacher, Szymon K and Dub{\'e}, Jean-Pierre H and Biswas, Shirsho},
  year={2020},
  institution={National Bureau of Economic Research}
}
    
    @article{phan2019composable,
  title={Composable effects for flexible and accelerated probabilistic programming in NumPyro},
  author={Phan, Du and Pradhan, Neeraj and Jankowiak, Martin},
  journal={arXiv preprint arXiv:1912.11554},
  year={2019}
}
@article{flaxman2020estimating,
  title={Estimating the effects of non-pharmaceutical interventions on COVID-19 in Europe},
  author={Flaxman, Seth and Mishra, Swapnil and Gandy, Axel and Unwin, H Juliette T and Mellan, Thomas A and Coupland, Helen and Whittaker, Charles and Zhu, Harrison and Berah, Tresnia and Eaton, Jeffrey W and others},
  journal={Nature},
  pages={1--5},
  year={2020},
  publisher={Nature Publishing Group}
}

@article{abbott2020estimating,
  title={Estimating the time-varying reproduction number of SARS-CoV-2 using national and subnational case counts},
  author={Abbott, Sam and Hellewell, Joel and Thompson, Robin N and Sherratt, Katharine and Gibbs, Hamish P and Bosse, Nikos I and Munday, James D and Meakin, Sophie and Doughty, Emma L and Chun, June Young and others},
  journal={Wellcome Open Research},
  volume={5},
  number={112},
  pages={112},
  year={2020},
  publisher={F1000 Research Limited}
}
@article{pei2020differential,
  title={Differential Effects of Intervention Timing on COVID-19 Spread in the United States},
  author={Pei, Sen and Kandula, Sasikiran and Shaman, Jeffrey},
  journal={medRxiv},
  year={2020},
  publisher={Cold Spring Harbor Laboratory Press}
}

@article{smirnova2019forecasting,
  title={Forecasting epidemics through nonparametric estimation of time-dependent transmission rates using the SEIR model},
  author={Smirnova, Alexandra and deCamp, Linda and Chowell, Gerardo},
  journal={Bulletin of mathematical biology},
  volume={81},
  number={11},
  pages={4343--4365},
  year={2019},
  publisher={Springer}
}
@article{bracher2020evaluating,
  title={Evaluating epidemic forecasts in an interval format},
  author={Bracher, Johannes and Ray, Evan L and Gneiting, Tilmann and Reich, Nicholas G},
  journal={arXiv preprint arXiv:2005.12881},
  year={2020}
}
@article{reich2020zoltar,
  title={The Zoltar forecast archive: a tool to facilitate standardization and storage of interdisciplinary prediction research},
  author={Reich, Nicholas G and Cornell, Matthew and Ray, Evan L and House, Katie and Le, Khoa},
  journal={arXiv preprint arXiv:2006.03922},
  year={2020}
}
@article{prem2020effect,
  title={The effect of control strategies to reduce social mixing on outcomes of the COVID-19 epidemic in Wuhan, China: a modelling study},
  author={Prem, Kiesha and Liu, Yang and Russell, Timothy W and Kucharski, Adam J and Eggo, Rosalind M and Davies, Nicholas and Flasche, Stefan and Clifford, Samuel and Pearson, Carl AB and Munday, James D and others},
  journal={The Lancet Public Health},
  year={2020},
  publisher={Elsevier}
}
@article{bertozzi2020challenges,
  title={The challenges of modeling and forecasting the spread of COVID-19},
  author={Bertozzi, Andrea L and Franco, Elisa and Mohler, George and Short, Martin B and Sledge, Daniel},
  journal={arXiv preprint arXiv:2004.04741},
  year={2020}
}
@article{yang2020modified,
  title={Modified SEIR and AI prediction of the epidemics trend of COVID-19 in China under public health interventions},
  author={Yang, Zifeng and Zeng, Zhiqi and Wang, Ke and Wong, Sook-San and Liang, Wenhua and Zanin, Mark and Liu, Peng and Cao, Xudong and Gao, Zhongqiang and Mai, Zhitong and others},
  journal={Journal of Thoracic Disease},
  volume={12},
  number={3},
  pages={165},
  year={2020},
  publisher={AME Publications}
}
@article{giordano2020modelling,
  title={Modelling the COVID-19 epidemic and implementation of population-wide interventions in Italy},
  author={Giordano, Giulia and Blanchini, Franco and Bruno, Raffaele and Colaneri, Patrizio and Di Filippo, Alessandro and Di Matteo, Angela and Colaneri, Marta},
  journal={Nature Medicine},
  pages={1--6},
  year={2020},
  publisher={Nature Publishing Group}
}

@article{lopez2020modified,
  title={A modified SEIR model to predict the COVID-19 outbreak in Spain and Italy: simulating control scenarios and multi-scale epidemics},
  author={L{\'o}pez, Leonardo and Rodo, Xavier},
  journal={Available at SSRN 3576802},
  year={2020}
}
@article{frasso2016bayesian,
  title={Bayesian inference in an extended SEIR model with nonparametric disease transmission rate: an application to the Ebola epidemic in Sierra Leone},
  author={Frasso, Gianluca and Lambert, Philippe},
  journal={Biostatistics},
  volume={17},
  number={4},
  pages={779--792},
  year={2016},
  publisher={Oxford University Press}
}
@article{dukic2012tracking,
  title={Tracking epidemics with Google flu trends data and a state-space SEIR model},
  author={Dukic, Vanja and Lopes, Hedibert F and Polson, Nicholas G},
  journal={Journal of the American Statistical Association},
  volume={107},
  number={500},
  pages={1410--1426},
  year={2012},
  publisher={Taylor \& Francis}
}

@article{hotta2010bayesian,
  title={Bayesian melding estimation of a stochastic SEIR model},
  author={Hotta, Luiz K},
  journal={Mathematical Population Studies},
  volume={17},
  number={2},
  pages={101--111},
  year={2010},
  publisher={Taylor \& Francis}
}

@article{syafruddin2012seir,
  title={SEIR model for transmission of dengue fever in Selangor Malaysia},
  author={Syafruddin, Side and Noorani, MSM},
  journal={IJMPS},
  volume={9},
  pages={380--389},
  year={2012}
}
@article{bokler1993chaos,
  title={Chaos and complexity in measles models: a comparative numerical study},
  author={Bokler, Benjamin},
  journal={Mathematical Medicine and Biology: A Journal of the IMA},
  volume={10},
  number={2},
  pages={83--95},
  year={1993},
  publisher={Oxford University Press}
}
@article{lekone2006statistical,
  title={Statistical inference in a stochastic epidemic SEIR model with control intervention: Ebola as a case study},
  author={Lekone, Phenyo E and Finkenst{\"a}dt, B{\"a}rbel F},
  journal={Biometrics},
  volume={62},
  number={4},
  pages={1170--1177},
  year={2006},
  publisher={Wiley Online Library}
}
@article{kermack1927contribution,
  title={A contribution to the mathematical theory of epidemics},
  author={Kermack, William Ogilvy and McKendrick, Anderson G},
  journal={Proceedings of the royal society of london. Series A, Containing papers of a mathematical and physical character},
  volume={115},
  number={772},
  pages={700--721},
  year={1927},
  publisher={The Royal Society London}
}

@book{allen2010introduction,
  title={An introduction to stochastic processes with applications to biology},
  author={Allen, Linda JS},
  year={2010},
  publisher={CRC Press}
}
@article{allen2000comparison,
  title={Comparison of deterministic and stochastic SIS and SIR models in discrete time},
  author={Allen, Linda JS and Burgin, Amy M},
  journal={Mathematical biosciences},
  volume={163},
  number={1},
  pages={1--33},
  year={2000},
  publisher={Elsevier}
}

@article{you2020estimation,
  title={Estimation of the time-varying reproduction number of COVID-19 outbreak in China},
  author={You, Chong and Deng, Yuhao and Hu, Wenjie and Sun, Jiarui and Lin, Qiushi and Zhou, Feng and Pang, Cheng Heng and Zhang, Yuan and Chen, Zhengchao and Zhou, Xiao-Hua},
  journal={International Journal of Hygiene and Environmental Health},
  pages={113555},
  year={2020},
  publisher={Elsevier}
}
@article{pei2020differential,
  title={Differential Effects of Intervention Timing on COVID-19 Spread in the United States},
  author={Pei, Sen and Kandula, Sasikiran and Shaman, Jeffrey},
  journal={medRxiv},
  year={2020},
  publisher={Cold Spring Harbor Laboratory Press}
}
@article{gostic2020practical,
  title={Practical considerations for measuring the effective reproductive number, Rt},
  author={Gostic, Katelyn M and McGough, Lauren and Baskerville, Edward and Abbott, Sam and Joshi, Keya and Tedijanto, Christine and Kahn, Rebecca and Niehus, Rene and Hay, James A and De Salazar, Pablo M and others},
  journal={medRxiv},
  year={2020},
  publisher={Cold Spring Harbor Laboratory Press}
}
@article{flaxman2020estimating,
  title={Estimating the effects of non-pharmaceutical interventions on COVID-19 in Europe},
  author={Flaxman, Seth and Mishra, Swapnil and Gandy, Axel and Unwin, H Juliette T and Mellan, Thomas A and Coupland, Helen and Whittaker, Charles and Zhu, Harrison and Berah, Tresnia and Eaton, Jeffrey W and others},
  journal={Nature},
  pages={1--5},
  year={2020},
  publisher={Nature Publishing Group}
}

@article{cori2013new,
  title={A new framework and software to estimate time-varying reproduction numbers during epidemics},
  author={Cori, Anne and Ferguson, Neil M and Fraser, Christophe and Cauchemez, Simon},
  journal={American journal of epidemiology},
  volume={178},
  number={9},
  pages={1505--1512},
  year={2013},
  publisher={Oxford University Press}
}
@book{brauer2012mathematical,
  title={Mathematical models in population biology and epidemiology},
  author={Brauer, Fred and Castillo-Chavez, Carlos and Castillo-Chavez, Carlos},
  volume={2},
  year={2012},
  publisher={Springer}
}

@article{bailey1953total,
  title={The total size of a general stochastic epidemic},
  author={Bailey, Norman TJ},
  journal={Biometrika},
  pages={177--185},
  year={1953},
  publisher={JSTOR}
}

@article{whittle1955outcome,
  title={The outcome of a stochastic epidemic?a note on Bailey's paper},
  author={Whittle, P},
  journal={Biometrika},
  volume={42},
  number={1-2},
  pages={116--122},
  year={1955},
  publisher={Oxford University Press}
}
@article{fraser2007estimating,
  title={Estimating individual and household reproduction numbers in an emerging epidemic},
  author={Fraser, Christophe},
  journal={PloS one},
  volume={2},
  number={8},
  pages={e758},
  year={2007},
  publisher={Public Library of Science}
}
@article{wallinga2007generation,
  title={How generation intervals shape the relationship between growth rates and reproductive numbers},
  author={Wallinga, Jacco and Lipsitch, Marc},
  journal={Proceedings of the Royal Society B: Biological Sciences},
  volume={274},
  number={1609},
  pages={599--604},
  year={2007},
  publisher={The Royal Society London}
}
@article{hall2007real,
  title={Real-time epidemic forecasting for pandemic influenza},
  author={Hall, IM and Gani, R and Hughes, HE and Leach, S},
  journal={Epidemiology \& Infection},
  volume={135},
  number={3},
  pages={372--385},
  year={2007},
  publisher={Cambridge University Press}
}
@article{ong2010real,
  title={Real-time epidemic monitoring and forecasting of H1N1-2009 using influenza-like illness from general practice and family doctor clinics in Singapore},
  author={Ong, Jimmy Boon Som and Mark, I and Chen, Cheng and Cook, Alex R and Lee, Huey Chyi and Lee, Vernon J and Lin, Raymond Tzer Pin and Tambyah, Paul Ananth and Goh, Lee Gan},
  journal={PloS one},
  volume={5},
  number={4},
  pages={e10036},
  year={2010},
  publisher={Public Library of Science}
}
@article{osthus2017forecasting,
  title={Forecasting seasonal influenza with a state-space SIR model},
  author={Osthus, Dave and Hickmann, Kyle S and Caragea, Petru{\c{t}}a C and Higdon, Dave and Del Valle, Sara Y},
  journal={The annals of applied statistics},
  volume={11},
  number={1},
  pages={202},
  year={2017},
  publisher={NIH Public Access}
}


@article{shaman2012forecasting,
  title={Forecasting seasonal outbreaks of influenza},
  author={Shaman, Jeffrey and Karspeck, Alicia},
  journal={Proceedings of the National Academy of Sciences},
  volume={109},
  number={50},
  pages={20425--20430},
  year={2012},
  publisher={National Acad Sciences}
}
@article{kermack1927contribution,
  title={A contribution to the mathematical theory of epidemics},
  author={Kermack, William Ogilvy and McKendrick, Anderson G},
  journal={Proceedings of the royal society of london. Series A, Containing papers of a mathematical and physical character},
  volume={115},
  number={772},
  pages={700--721},
  year={1927},
  publisher={The Royal Society London}
}
@article{lutz2019applying,
  title={Applying infectious disease forecasting to public health: a path forward using influenza forecasting examples},
  author={Lutz, Chelsea S and Huynh, Mimi P and Schroeder, Monica and Anyatonwu, Sophia and Dahlgren, F Scott and Danyluk, Gregory and Fernandez, Danielle and Greene, Sharon K and Kipshidze, Nodar and Liu, Leann and others},
  journal={BMC Public Health},
  volume={19},
  number={1},
  pages={1659},
  year={2019},
  publisher={Springer}
}
@misc{yyg,
  author = {Youngang Gu},
  title = {COVID-19 Projections},
  year = {2020},
  publisher = {yyg},
  journal = {yyg},
  howpublished = {\url{https://covid19-projections.com/about/#historical-performance}}
}
@misc{reichlabcovid,
  author = {Reich Lab},
  title = {COVID Forecasting Hub},
  year = {2020},
  publisher = {GitHub},
  journal = {GitHub repository},
  howpublished = {\url{https://github.com/reichlab/covid19-forecast-hub}}
}
@article{reich2016case,
  title={Case study in evaluating time series prediction models using the relative mean absolute error},
  author={Reich, Nicholas G and Lessler, Justin and Sakrejda, Krzysztof and Lauer, Stephen A and Iamsirithaworn, Sopon and Cummings, Derek AT},
  journal={The American Statistician},
  volume={70},
  number={3},
  pages={285--292},
  year={2016},
  publisher={Taylor \& Francis}
}
@article{covid2020forecasting,
  title={Forecasting COVID-19 impact on hospital bed-days, ICU-days, ventilator-days and deaths by US state in the next 4 months},
  author={COVID, IHME and Murray, Christopher JL and others},
  journal={medRxiv},
  year={2020},
  publisher={Cold Spring Harbor Laboratory Press}
}
@article{russel2020using,
  title={Using a delay-adjusted case fatality ratio to estimate under-reporting},
  author={Russel, T and Hellewell, Joel and Abbot, S and others},
  journal={Available at the Centre for Mathematical Modelling of Infectious Diseases Repository, here},
  year={2020}
}
@article{weinberger2020estimation,
  title={Estimation of excess deaths associated with the COVID-19 pandemic in the United States, March to May 2020},
  author={Weinberger, Daniel M and Chen, Jenny and Cohen, Ted and Crawford, Forrest W and Mostashari, Farzad and Olson, Don and Pitzer, Virginia E and Reich, Nicholas G and Russi, Marcus and Simonsen, Lone and others},
  journal={JAMA Internal Medicine},
  year={2020}
}

@article{jombart2020inferring,
  title={Inferring the number of COVID-19 cases from recently reported deaths},
  author={Jombart, Thibaut and Van Zandvoort, Kevin and Russell, Timothy W and Jarvis, Christopher I and Gimma, Amy and Abbott, Sam and Clifford, Sam and Funk, Sebastian and Gibbs, Hamish and Liu, Yang and others},
  journal={Wellcome Open Research},
  volume={5},
  number={78},
  pages={78},
  year={2020},
  publisher={F1000 Research Limited}
}
@article{heffner2020emotional,
  title={Emotional responses to prosocial messages increase willingness to self-isolate during the COVID-19 pandemic},
  author={Heffner, Joseph and Vives, Marc Lluis and FeldmanHall, Oriel},
  year={2020},
  publisher={PsyArXiv}
}
@article{perc2020forecasting,
  title={Forecasting COVID-19},
  author={Perc, Matja{\v{z}} and Gori{\v{s}}ek Miksi{\'c}, Nina and Slavinec, Mitja and Sto{\v{z}}er, Andra{\v{z}}},
  journal={Frontiers in Physics},
  volume={8},
  pages={127},
  year={2020},
  publisher={Frontiers}
}
@misc{midas,
  author = {Midas.},
  title = {COVID19 Parameter Estimates},
  year = {2020},
  publisher = {GitHub},
  journal = {GitHub repository},
  howpublished = {\url{https://github.com/midas-network/COVID-19/tree/master/parameter_estimates/2019_novel_coronavirus}}
}